<?xml version="1.0" encoding="UTF-8"?><collection xmlns="http://www.loc.gov/MARC21/slim"><record><leader>00401nam--2200133-i-4500</leader><controlfield tag="001">000013861</controlfield><controlfield tag="002">20161230</controlfield><controlfield tag="005">20161230201030</controlfield><controlfield tag="008">060222s1000------------r-----000-0-eng-d</controlfield><datafield ind1=" " ind2=" " tag="080"><subfield code="a">551.5</subfield></datafield><datafield ind1=" " ind2=" " tag="100"><subfield code="a">Demetrescu, G</subfield></datafield><datafield ind1=" " ind2=" " tag="245"><subfield code="a">Instructiuni practice de meteorologie. table pentru reducerea observatiilor</subfield></datafield><datafield ind1=" " ind2=" " tag="260"><subfield code="a">Bucuresti, Marele Cartier General, Serviciul Meteorologic, /F.An/ 88p</subfield></datafield><datafield ind1=" " ind2=" " tag="852"><subfield code="a">47724</subfield></datafield></record></collection>